@online{Swarm,
	author = {Viktor Tr√≥n},
	title = {What is swarm?},
	year = {2015},
	url = {https://github.com/ethersphere/swarm/blob/ac8b54726551d7a590f85d6d377dbcac3ae26794/README.md},
	urldate = {2018-03-16}
}

@online{Whisper,
	author = {},
	title = {},
	year = {},
	url = {https://github.com/ethereum/wiki/wiki/Whisper},
	urldate = {2018-03-16}
}

@online{Ethereum,
	author = {},
	title = {},
	year = {},
	url = {http://ethdocs.org/en/latest/introduction/what-is-ethereum.html},
	urldate = {2018-03-16}
}

@online{Bitcoin,
	author = {},
	title = {},
	year = {},
	url = {https://bitcoin.org/bitcoin.pdf},
	urldate = {2018-03-16}
}

@online{DLL,
	author = {},
	title = {},
	year = {},
	url = {https://ethereum.stackexchange.com/a/15341},
	urlDate = {2018-04-20}
}

@online{TaxicoinGitHub,
	author = {Scott Street},
	title = {Taxicoin on GitHub},
	year = {2018},
	url = {https://github.com/sprusr/taxicoin},
	urlDate = {2018-04-21}
}